<?xml version="1.0" encoding="UTF-8"?><collection><record><leader>07560ntm a2200601 a 4500</leader><controlfield tag="001">006805289</controlfield><controlfield tag="003">MiAaHDL</controlfield><controlfield tag="005">20190719000000.0</controlfield><controlfield tag="006">m        d        </controlfield><controlfield tag="007">cr bn ---auaua</controlfield><controlfield tag="008">090531s1622    xx            00| ||ara d</controlfield><datafield tag="035" ind1=" " ind2=" "><subfield code="a">(MiU)006805289</subfield></datafield><datafield tag="035" ind1=" " ind2=" "><subfield code="a">sdr-miu006805289</subfield></datafield><datafield tag="040" ind1=" " ind2=" "><subfield code="a">MiU</subfield><subfield code="c">MiU</subfield><subfield code="e">amremm</subfield></datafield><datafield tag="043" ind1=" " ind2=" "><subfield code="a">n-us-mi</subfield><subfield code="a">a-tu---</subfield></datafield><datafield tag="100" ind1="1" ind2=" "><subfield code="6">880-01</subfield><subfield code="a">Ṭāshkubrīʹzādah, Aḥmad ibn Muṣṭafá,</subfield><subfield code="d">1495-1561.</subfield></datafield><datafield tag="245" ind1="1" ind2="3"><subfield code="6">880-03</subfield><subfield code="a">al-Shaqāʼiq al-nuʻmānīyah fī ʻulamāʼ al-dawlah al-ʻUthmānīyah,</subfield><subfield code="f">[1032, i.e. 1622].</subfield></datafield><datafield tag="246" ind1="3" ind2=" "><subfield code="i">Partial edge title (head):</subfield><subfield code="a">مناقب العلما</subfield></datafield><datafield tag="246" ind1="3" ind2=" "><subfield code="i">Title from inscription on 'title page' (p.1):</subfield><subfield code="a">شقائق النعمانية</subfield></datafield><datafield tag="260" ind1=" " ind2=" "><subfield code="c">[1622].</subfield></datafield><datafield tag="300" ind1=" " ind2=" "><subfield code="a">189 leaves :</subfield><subfield code="b">paper ;</subfield><subfield code="c">202 x 147 (150 x 77) mm.</subfield></datafield><datafield tag="500" ind1=" " ind2=" "><subfield code="a">Shelfmark: Ann Arbor, University of Michigan, Special Collections Library, Isl. Ms. 603</subfield></datafield><datafield tag="500" ind1=" " ind2=" "><subfield code="a">Origin: As appears in colophon on p.377, copied by Ahmet bin Mehmet bin Bâlî (Aḥmad ibn Muḥammad ibn Bālī ; احمد بن محمد بن بالي ) with transcription completed ("waqaʻa al-farāgh ʻan taḥrīrih wa-imlāʼih wa-tarqīmih ...") 3 Muḥarram 1032 [ca. 7 November 1622]. As appears in closing matter ('authorial colophon') on p.376, dictation of the composition by the author completed ("wa-qad faraghtu min imlāʼih ...") end of Ramaḍān 965 [July 1558] in Istanbul ( قسطنطنية ).</subfield></datafield><datafield tag="500" ind1=" " ind2=" "><subfield code="a">Accompanying materials: a. Inventory cataloguing slip in hand of Winifred Smeaton Thomas -- b. Acquisitions slip from Yahuda.</subfield></datafield><datafield tag="500" ind1=" " ind2=" "><subfield code="a">Former shelfmark: From interior of upper cover and 'title page' (p.1) "IL 229" (likely supplied by Yahuda, see acquisitions slip).</subfield></datafield><datafield tag="500" ind1=" " ind2=" "><subfield code="a">Binding: Boards covered in deep teal cloth ; Type II binding (with flap) ; board linings in olive green cloth ; sewn in dull pink thread, two stations ; worked chevron endbands in pink and yellow, damaged with losses to head and tailband, cores exposed ; overall in somewhat poor condition with upper board and spine cloth detaching, etc.</subfield></datafield><datafield tag="500" ind1=" " ind2=" "><subfield code="a">Support: European laid paper ; mainly with 9 laid linse per cm. (vertical), chain lines spaced 29-30 mm. apart (horizontal), and crown-star-crescent watermark (see p.24, 34, 88, 89, etc.), sturdy, medium cream in color, well-burnished to glossy ; also toward in the latter part of the codex, another type with 11-12 laid lines per cm. (vertical), chain lines spaced 25 mm. apart (horizontal), and crossbow in circle watermark (see p.268, 269, etc.), thin and crisp though still dense and sturdy, well-burnished to glossy.</subfield></datafield><datafield tag="500" ind1=" " ind2=" "><subfield code="a">Decoration: Keywords, section headings, and notabilia rubricated ; textual dividers in the form of red inverted commas or discs.</subfield></datafield><datafield tag="500" ind1=" " ind2=" "><subfield code="a">Script: Nastaʻlīq (talik) ; elegant Turkish hand, small and compact ; serifless with slight effect of tilt to the left and of words descending to baseline, some sweeping descenders, pointing (multiple dots) mainly in strokes or conjoined dots, free assimilation of letters.</subfield></datafield><datafield tag="500" ind1=" " ind2=" "><subfield code="a">Layout: Written in 17 lines per page ; frame-ruled.</subfield></datafield><datafield tag="500" ind1=" " ind2=" "><subfield code="a">Collation: V-1 (9), 18 V(189) ; virtually exclusively quinions ; foliation in black ink, Hindu-Arabic numerals ; pagination in pencil, Western numerals, supplied during digitization.</subfield></datafield><datafield tag="500" ind1=" " ind2=" "><subfield code="a">Colophon: "Scribal," triangular, reads "وقع الفراغ عن تحريره واملائه وترقيمه بعون الله وانعامه على يدا [؟] عبده الفقير الى عفوه وغفرانه احمد [؟] بن محمد بن بالي في اليوم الثالث من محرم الحرام لسنة اثنتين وثلثين والف من الهجرة النبوية عليه افضل السلام والتحية هر كه خوند [خواند] دعا طمع دارم زانكه من بندهء كنهكارم"</subfield></datafield><datafield tag="500" ind1=" " ind2=" "><subfield code="a">Explicit: "ومنهم الشيخ الصالح مصلح الدين مصطفى من خلفاء السيد احمد البخاري ... توفى رحمه قريبا من ستين وتسعمائة روح الله روحه ونور ضريحه هذا اخر ما تيسر لي بعون الله الملك العلام من تفصيل احوال علماء الاعلام وذكر مناقب المشايخ العظام وحين آن آوان الاختتام ... فليكن هذا اخر الكتاب وقد الميته على بعض من الاصحاب ... وقد فرغت من املائه يوم السبت آخر شهر رمضان المبارك بتاريخ سنة خمس وستين وتسعمائة بمدينة قسطنطنية ... واجب يا رب دعوتي وثبت حجتي وسدد لساني واهد قلبي واسدل [اسلل] سخيمة صدري سبحان الله وبحمده سبحان الله العظيم الكريم لا حول ولا قوة الا بالله العلي العظيم م"</subfield></datafield><datafield tag="500" ind1=" " ind2=" "><subfield code="a">Incipit: "الحمد لله الذي رفع بفضله طبقات العلماء وجعل اصولهم ثابتة وفرعهم في السماء وزين سماء الشريعة والاسلام بانوار افكار الفضلاء ... وبعد فاني منذ ما عرفت اليمين من الشمال والمستقيم من المحال كنت مشعوفا بتنبع مناقب العلماء واخبارهم ... ولما شاهد هذه الحال بعض من ارباب الفضل والكمال التمس مني ان اجمع مناقب علماء الروم فاجبت الى ملتمسه ... وضعت الرسالة على ترتيب سلاطين آل عثمان ولهذا سميت الرسالة بالشقائق النعمانية في علماء الدولة العثمانية ..."</subfield></datafield><datafield tag="500" ind1=" " ind2=" "><subfield code="a">Title from opening matter (preface) on p.3.</subfield></datafield><datafield tag="500" ind1=" " ind2=" "><subfield code="a">Ms. codex.</subfield></datafield><datafield tag="510" ind1="4" ind2=" "><subfield code="a">Ḥājjī Khalīfah. Kashf al-ẓunūn,</subfield><subfield code="c">iv 65, no.7630</subfield></datafield><datafield tag="510" ind1="4" ind2=" "><subfield code="a">Brockelmann, C. GAL,</subfield><subfield code="c">II 425 (no.2)</subfield></datafield><datafield tag="520" ind1="8" ind2=" "><subfield code="a">Elegant copy of the celebrated biographical work by Taşköprüzâde (Taşköprî-zâde) İsam ed-Dîn Ahmet (d.1561), mainly addressing ʻulamāʼ and ṣūfī shaykhs under the Ottomans and organized in ten classes (ṭabaqāt) corresponding to the reigns of the first ten Ottoman sultans through Süleyman I (r.1520-1566). A contents listing (ṭabaqāt by sultan) is provided on the 'title page' (p.1).</subfield></datafield><datafield tag="538" ind1=" " ind2=" "><subfield code="a">Mode of access: Internet.</subfield></datafield><datafield tag="541" ind1=" " ind2=" "><subfield code="a">Acquired in 1926 from the bookseller Isaac Benjamin S.E. Yahuda via purchase transacted on his behalf by Abraham Shalom Yahuda (1877-1951), his younger brother.</subfield></datafield><datafield tag="546" ind1=" " ind2=" "><subfield code="a">Arabic.</subfield></datafield><datafield tag="561" ind1=" " ind2=" "><subfield code="a">Glosses and marginal corrections ; notabilia (side-heads) marking each entry by scholar or shaykh's name ; possible former owners' marks on p.378.</subfield></datafield><datafield tag="650" ind1=" " ind2="0"><subfield code="a">Manuscripts, Arabic</subfield><subfield code="z">Michigan</subfield><subfield code="z">Ann Arbor.</subfield></datafield><datafield tag="650" ind1=" " ind2="0"><subfield code="a">Sufis</subfield><subfield code="z">Turkey</subfield><subfield code="v">Biography</subfield><subfield code="v">Early works to 1800.</subfield></datafield><datafield tag="650" ind1=" " ind2="0"><subfield code="a">Sufism</subfield><subfield code="z">Turkey</subfield><subfield code="v">Biography</subfield><subfield code="v">Early works to 1800.</subfield></datafield><datafield tag="650" ind1=" " ind2="0"><subfield code="a">Ulama</subfield><subfield code="z">Turkey</subfield><subfield code="v">Biography</subfield><subfield code="v">Early works to 1800.</subfield></datafield><datafield tag="651" ind1=" " ind2="0"><subfield code="a">Turkey</subfield><subfield code="x">History</subfield><subfield code="y">Ottoman Empire, 1288-1918</subfield><subfield code="v">Biography</subfield><subfield code="v">Dictionaries</subfield><subfield code="v">Early works to 1800.</subfield></datafield><datafield tag="700" ind1="0" ind2=" "><subfield code="6">880-04</subfield><subfield code="a">Ahmet bin Mehmet bin Bâlî,</subfield><subfield code="d">fl. 1622,</subfield><subfield code="e">scribe.</subfield></datafield><datafield tag="773" ind1="0" ind2=" "><subfield code="a">Yahuda Collection.</subfield></datafield><datafield tag="880" ind1="0" ind2=" "><subfield code="6">700-04/</subfield><subfield code="a">احمد بن محمد بن بالى,</subfield><subfield code="e">ناسخ.</subfield></datafield><datafield tag="880" ind1="1" ind2="2"><subfield code="6">245-03/</subfield><subfield code="a">الشقائق النعمانية في الدولة العثمانية,</subfield><subfield code="f">[1032ه، 1622م].</subfield></datafield><datafield tag="880" ind1="1" ind2=" "><subfield code="6">100-01/</subfield><subfield code="a">طاشكبريزاده، احمد بن مصطفى.</subfield></datafield><datafield tag="CID" ind1=" " ind2=" "><subfield code="a">006805289</subfield></datafield><datafield tag="DAT" ind1="0" ind2=" "><subfield code="a">20190719102637.0</subfield><subfield code="b">20190719000000.0</subfield></datafield><datafield tag="DAT" ind1="1" ind2=" "><subfield code="a">20190719090653.0</subfield><subfield code="b">2019-07-19T16:11:31Z</subfield></datafield><datafield tag="DAT" ind1="2" ind2=" "><subfield code="a">2015-10-02T18:00:03Z</subfield></datafield><datafield tag="CAT" ind1=" " ind2=" "><subfield code="a">SDR-MIU</subfield><subfield code="d">EX LIBRIS - ALEPH</subfield><subfield code="l">prepare.pl-004-008</subfield></datafield><datafield tag="FMT" ind1=" " ind2=" "><subfield code="a">BK</subfield></datafield><datafield tag="HOL" ind1=" " ind2=" "><subfield code="0">sdr-miu006805289</subfield><subfield code="a">MiU</subfield><subfield code="b">SDR</subfield><subfield code="c">MIU</subfield><subfield code="p">mdp.39015079127307</subfield><subfield code="s">MIU</subfield><subfield code="1">006805289</subfield></datafield><datafield tag="974" ind1=" " ind2=" "><subfield code="b">MIU</subfield><subfield code="c">MIU</subfield><subfield code="d">20190719</subfield><subfield code="s">lit-dlps-dc</subfield><subfield code="u">mdp.39015079127307</subfield><subfield code="y">1622</subfield><subfield code="r">pd</subfield><subfield code="q">bib</subfield><subfield code="t">non-US bib date1 &lt; 1896</subfield></datafield></record></collection>